<?xml version="1.0" encoding="UTF-8"?><collection xmlns="http://www.loc.gov/MARC21/slim"><record><leader>00550nam--2200181-i-4500</leader><controlfield tag="001">000014900</controlfield><controlfield tag="002">20161230</controlfield><controlfield tag="005">20161230201031</controlfield><controlfield tag="008">060222s1000------------r-----000-0-rum-d</controlfield><datafield ind1=" " ind2=" " tag="040"><subfield code="a">IFIN-HH</subfield></datafield><datafield ind1=" " ind2=" " tag="041"><subfield code="a">rum</subfield></datafield><datafield ind1=" " ind2=" " tag="080"><subfield code="a">699.8:534.8</subfield></datafield><datafield ind1="1" ind2=" " tag="100"><subfield code="a">Bruel, Per V</subfield></datafield><datafield ind1="1" ind2="0" tag="245"><subfield code="a">Izolarea fonica si acustica incaperilor</subfield><subfield code="b">Traducerea din limba daneza in limba engleza a fost efectuata de j.m.borup</subfield><subfield code="c">Per v. bruel</subfield></datafield><datafield ind1=" " ind2=" " tag="260"><subfield code="a">London, Universitatea De Tehnologie Chalmers, 1951</subfield></datafield><datafield ind1=" " ind2=" " tag="300"><subfield code="a">256 P</subfield></datafield><datafield ind1=" " ind2=" " tag="852"><subfield code="a">75859</subfield><subfield code="c">534</subfield></datafield><datafield ind1=" " ind2=" " tag="CAT"><subfield code="a">Sys</subfield><subfield code="c">20101013</subfield><subfield code="h">102756</subfield></datafield></record></collection>